<?xml version="1.0" encoding="UTF-8"?><collection xmlns="http://www.loc.gov/MARC21/slim"><record><leader>00418nam--2200133-i-4500</leader><controlfield tag="001">000042838</controlfield><controlfield tag="002">20161230</controlfield><controlfield tag="005">20161230201043</controlfield><controlfield tag="008">060222s1000------------r-----000-0-eng-d</controlfield><datafield ind1=" " ind2=" " tag="080"><subfield code="a">614.8(047.1):621.039.5(047.1)</subfield></datafield><datafield ind1=" " ind2=" " tag="100"><subfield code="a">Prezbindowski, D.L</subfield></datafield><datafield ind1=" " ind2=" " tag="245"><subfield code="a">Theory of present and future safeguards applications of isotopic rations</subfield></datafield><datafield ind1=" " ind2=" " tag="260"><subfield code="a">Richland, Washington, Battelle Memorial Inst.1972, 53p.+17pl</subfield></datafield><datafield ind1=" " ind2=" " tag="852"><subfield code="a">39583</subfield></datafield></record></collection>